<?xml version="1.0" encoding="UTF-8"?><collection xmlns="http://www.loc.gov/MARC21/slim"><record><leader>00523nam--2200145-i-4500</leader><controlfield tag="001">000002975</controlfield><controlfield tag="002">20161230</controlfield><controlfield tag="005">20161230201025</controlfield><controlfield tag="008">060222s1000------------r-----000-0-eng-d</controlfield><datafield ind1=" " ind2=" " tag="080"><subfield code="a">517.1:51.01:061.3</subfield></datafield><datafield ind1=" " ind2=" " tag="245"><subfield code="a">Applications scientifiques de la logique mathe matique. actes du 2 e colloque international de logique mathematique. paris 1952. inst. poincare</subfield></datafield><datafield ind1=" " ind2=" " tag="260"><subfield code="a">Paris, Gauthier-villars, 1954 179 P</subfield></datafield><datafield ind1=" " ind2=" " tag="490"><subfield code="a">Collection De Logique Mathematique. Serie A</subfield></datafield><datafield ind1=" " ind2=" " tag="852"><subfield code="a">11723</subfield><subfield code="c">517.11</subfield></datafield><datafield ind1=" " ind2=" " tag="CAT"><subfield code="a">Sys</subfield><subfield code="c">20080715</subfield><subfield code="h">113725</subfield></datafield></record></collection>